<?xml version="1.0" encoding="UTF-8"?><collection xmlns="http://www.loc.gov/MARC21/slim"><record><leader>00530nam--2200193-i-4500</leader><controlfield tag="001">000030350</controlfield><controlfield tag="002">20161230</controlfield><controlfield tag="005">20161230201038</controlfield><controlfield tag="008">060222s1000------------r-----000-0-rum-d</controlfield><datafield ind1=" " ind2=" " tag="040"><subfield code="a">IFIN-HH</subfield></datafield><datafield ind1=" " ind2=" " tag="041"><subfield code="a">rum</subfield></datafield><datafield ind1=" " ind2=" " tag="080"><subfield code="a">541.18</subfield></datafield><datafield ind1="1" ind2=" " tag="100"><subfield code="a">Mandru, Ilie</subfield></datafield><datafield ind1="1" ind2="0" tag="245"><subfield code="a">Chimia coloizilor si suprafetelor. metode experiementale</subfield><subfield code="c">Ilie mandru, dumitru m. ceacareanu</subfield></datafield><datafield ind1=" " ind2=" " tag="260"><subfield code="a">Bucuresti</subfield><subfield code="b">Editura Tehnica</subfield><subfield code="c">1976</subfield></datafield><datafield ind1=" " ind2=" " tag="300"><subfield code="a">418P</subfield></datafield><datafield ind1="1" ind2=" " tag="700"><subfield code="a">Ceacareanu, Dumitru M</subfield></datafield><datafield ind1=" " ind2=" " tag="852"><subfield code="a">43743</subfield><subfield code="c">541.18</subfield></datafield><datafield ind1=" " ind2=" " tag="CAT"><subfield code="a">Sys</subfield><subfield code="c">20141028</subfield><subfield code="h">164137</subfield></datafield></record></collection>